<record><leader>00000cas a22000007a 4500</leader><controlfield tag="001">25170374</controlfield><controlfield tag="008">920127d19411942riuwr ne      0    0ita d</controlfield><datafield ind1=" " ind2=" " tag="010"><subfield code="a">sn 92063925 </subfield></datafield><datafield ind1=" " ind2=" " tag="040"><subfield code="a">RHN</subfield><subfield code="b">eng</subfield><subfield code="c">RHN</subfield><subfield code="d">MGN</subfield><subfield code="d">OCLCQ</subfield><subfield code="d">OCLCF</subfield><subfield code="d">OCLCO</subfield></datafield><datafield ind1="1" ind2=" " tag="029"><subfield code="a">AU@</subfield><subfield code="b">000025907855</subfield></datafield><datafield ind1="0" ind2=" " tag="041"><subfield code="a">itaeng</subfield></datafield><datafield ind1=" " ind2=" " tag="042"><subfield code="a">msc</subfield></datafield><datafield ind1=" " ind2=" " tag="043"><subfield code="a">n-us-ri</subfield></datafield><datafield ind1="0" ind2="2" tag="245"><subfield code="a">L'Eco d'America =</subfield><subfield code="b">The Rhode Island echo = American echo.</subfield></datafield><datafield ind1="3" ind2="1" tag="246"><subfield code="a">Rhode Island echo</subfield></datafield><datafield ind1="3" ind2="1" tag="246"><subfield code="a">American echo</subfield></datafield><datafield ind1=" " ind2=" " tag="260"><subfield code="a">Providence, R.I. :</subfield><subfield code="b">Italian Echo Corp.</subfield></datafield><datafield ind1=" " ind2=" " tag="300"><subfield code="a">v.</subfield></datafield><datafield ind1=" " ind2=" " tag="310"><subfield code="a">Weekly</subfield></datafield><datafield ind1="0" ind2=" " tag="362"><subfield code="a">Anno 47, n. 7 (14 febbr. 1941)-anno 47, n. 11 [i.e. 12] (21 mar. 1941) ; v. 47, no. 13 (28 mar. 1941)-v. 48, no. 18 (May 1, 1942).</subfield></datafield><datafield ind1=" " ind2=" " tag="500"><subfield code="a">Issues for Feb. 14, 1941-Apr. 11, 1941 have English parallel title: The Rhode Island echo, and: issues for May 30, 1941-May 1, 1942 have English parallel title: American echo.</subfield></datafield><datafield ind1=" " ind2=" " tag="546"><subfield code="a">In Italian and English.</subfield></datafield><datafield ind1=" " ind2="0" tag="650"><subfield code="a">Italians</subfield><subfield code="z">Rhode Island</subfield><subfield code="v">Newspapers.</subfield></datafield><datafield ind1=" " ind2="0" tag="650"><subfield code="a">Italian Americans</subfield><subfield code="z">Rhode Island</subfield><subfield code="v">Newspapers.</subfield></datafield><datafield ind1=" " ind2="4" tag="651"><subfield code="a">Providence (R.I.)</subfield><subfield code="v">Newspapers.</subfield></datafield><datafield ind1=" " ind2="7" tag="655"><subfield code="a">Newspapers.</subfield><subfield code="2">fast</subfield><subfield code="0">(OCoLC)fst01423814</subfield></datafield><datafield ind1=" " ind2="7" tag="650"><subfield code="a">Italian Americans.</subfield><subfield code="2">fast</subfield><subfield code="0">(OCoLC)fst00980419</subfield></datafield><datafield ind1=" " ind2="7" tag="650"><subfield code="a">Italians.</subfield><subfield code="2">fast</subfield><subfield code="0">(OCoLC)fst00980750</subfield></datafield><datafield ind1=" " ind2="7" tag="651"><subfield code="a">Rhode Island.</subfield><subfield code="2">fast</subfield><subfield code="0">(OCoLC)fst01204599</subfield></datafield><datafield ind1=" " ind2=" " tag="752"><subfield code="a">United States</subfield><subfield code="b">Rhode Island</subfield><subfield code="c">Providence</subfield><subfield code="d">Providence.</subfield></datafield><datafield ind1="0" ind2="0" tag="780"><subfield code="t">Rhode Island echo</subfield><subfield code="w">(DLC)sn 92063924</subfield></datafield><datafield ind1="0" ind2="5" tag="780"><subfield code="t">Italo-American tribune</subfield></datafield><datafield ind1="0" ind2="0" tag="785"><subfield code="t">Italian echo (Providence, R.I. : 1947)</subfield><subfield code="w">(DLC)sn 92063926</subfield></datafield></record>